@article{richiehalford2019multidimensional,
  author       = {Richie-Halford and others},
  title        = {Multidimensional analysis and detection of informative features in diffusion MRI measurements of human white matter},
  elocation-id = {2019.12.19.882928},
  year         = {2019},
  doi          = {10.1101/2019.12.19.882928},
  publisher    = {Cold Spring Harbor Laboratory},
  url          = {https://www.biorxiv.org/content/early/2019/12/20/2019.12.19.882928},
  journal      = {bioRxiv}
}

@article{simon2013sparse,
  title     = {A sparse-group lasso},
  author    = {Simon and others},
  journal   = {Journal of Computational and Graphical Statistics},
  volume    = {22},
  number    = {2},
  pages     = {231--245},
  year      = {2013},
  publisher = {Taylor \& Francis Group}
}

@article{yeatman2012tract,
  title     = {Tract profiles of white matter properties: automating fiber-tract quantification},
  author    = {Yeatman and others},
  journal   = {PloS one},
  volume    = {7},
  number    = {11},
  pages     = {e49790},
  year      = {2012},
  publisher = {Public Library of Science}
}

@article{sarica2017corticospinal,
  title   = {The corticospinal tract profile in amyotrophic lateral sclerosis},
  author  = {Sarica and others},
  journal = {Human brain mapping},
  volume  = {38},
  number  = {2},
  pages   = {727--739},
  year    = {2017}
}

@article{yeatman2014lifespan,
  title     = {Lifespan maturation and degeneration of human brain white matter},
  author    = {Yeatman and others},
  journal   = {Nature communications},
  volume    = {5},
  pages     = {4932},
  year      = {2014},
  publisher = {Nature Publishing Group}
}

@article{alexander2017open,
  title   = {An open resource for transdiagnostic research in pediatric mental health and learning disorders},
  volume  = {4},
  url     = {https://doi.org/10.1038/sdata.2017.181},
  journal = {Scientific Data},
  author  = {Alexander and others},
  month   = dec,
  year    = {2017},
  pages   = {170181}
}

@article{shafto2014cambridge,
  title   = {{The Cambridge Centre for Ageing and Neuroscience (Cam-CAN) study protocol: a cross-sectional, lifespan, multidisciplinary examination of healthy cognitive ageing}},
  journal = {BMC Neurology},
  volume  = {14},
  pages   = {204},
  year    = {2014},
  issn    = {1471-2377},
  doi     = {https://doi.org/10.1186/s12883-014-0204-1},
  url     = {https://bmcneurol.biomedcentral.com/articles/10.1186/s12883-014-0204-1},
  author  = {Shafto and others}
}
